<?xml version='1.0' encoding='UTF-8'?>
<record xmlns="http://www.loc.gov/MARC21/slim">
  <leader>01274cam a2200277Li 4500</leader>
  <controlfield tag="001">7100182</controlfield>
  <controlfield tag="003">NjP</controlfield>
  <controlfield tag="005">20170518140013.0</controlfield>
  <controlfield tag="008">001108s1962    sy            000 0 ara d</controlfield>
  <datafield tag="024" ind1="7" ind2=" ">
    <subfield code="a">princeton_aco001988</subfield>
    <subfield code="2">local</subfield>
  </datafield>
  <datafield ind1=" " ind2=" " tag="035">
    <subfield code="a">(OCoLC)ocn122825928</subfield>
  </datafield>
  <datafield ind1=" " ind2=" " tag="040">
    <subfield code="a">CtY</subfield>
    <subfield code="c">YUS</subfield>
    <subfield code="d">OCLCG</subfield>
    <subfield code="d">LGG</subfield>
    <subfield code="d">OCLCQ</subfield>
  </datafield>
  <datafield ind1=" " ind2=" " tag="066">
    <subfield code="c">(3</subfield>
  </datafield>
  <datafield ind1=" " ind2=" " tag="035">
    <subfield code="a">(OCoLC)122825928</subfield>
  </datafield>
  <datafield ind1=" " ind2="4" tag="050">
    <subfield code="a">HQ1366.5</subfield>
    <subfield code="b">S52 1962</subfield>
  </datafield>
  <datafield ind1="1" ind2=" " tag="100">
    <subfield code="6">880-01</subfield>
    <subfield code="a">Sibāʻī, Muṣṭafá,</subfield>
    <subfield code="d">1915-1964.</subfield>
  </datafield>
  <datafield ind1="1" ind2="3" tag="245">
    <subfield code="6">880-02</subfield>
    <subfield code="a">al-Marʾah bayna al-fiqh wa-al-qānūn,</subfield>
    <subfield code="b">dirāsāt sharʻīyah wa-qānūnīyah wa-ijtimāʻīyah</subfield>
    <subfield code="c">[taʾlīf] Muṣṭafá al-Sibāʻī.</subfield>
  </datafield>
  <datafield ind1=" " ind2=" " tag="250">
    <subfield code="6">880-03</subfield>
    <subfield code="a">al-Ṭabʻah al-ūlá.</subfield>
  </datafield>
  <datafield ind1=" " ind2=" " tag="260">
    <subfield code="6">880-04</subfield>
    <subfield code="a">[Dimashq,</subfield>
    <subfield code="b">Maṭbaʻat Jāmiʻat Dimashiq,</subfield>
    <subfield code="c">1382/1962]</subfield>
  </datafield>
  <datafield ind1=" " ind2=" " tag="300">
    <subfield code="a">336 p.</subfield>
    <subfield code="c">24 cm.</subfield>
  </datafield>
  <datafield ind1=" " ind2=" " tag="500">
    <subfield code="a">The status of women in medieval and modern Mohammedan law.</subfield>
  </datafield>
  <datafield ind1=" " ind2="0" tag="650">
    <subfield code="a">Women (Islamic law)</subfield>
  </datafield>
  <datafield ind1=" " ind2="0" tag="650">
    <subfield code="a">Women</subfield>
    <subfield code="x">Legal status, laws, etc.</subfield>
  </datafield>
  <datafield ind1="1" ind2=" " tag="880">
    <subfield code="6">100-01/(3/r</subfield>
    <subfield code="a">سباعي، مصطفى.</subfield>
  </datafield>
  <datafield ind1="1" ind2="2" tag="880">
    <subfield code="6">245-02/(3/r</subfield>
    <subfield code="a">المرأة بين الفقه والقانون،</subfield>
    <subfield code="b">دراسات شرعية وقانونية واجتماعية</subfield>
    <subfield code="c">[تأليف] مصطفى السباعي.</subfield>
  </datafield>
  <datafield ind1=" " ind2=" " tag="880">
    <subfield code="6">250-03/(3/r</subfield>
    <subfield code="a">الطبعة الأولى.</subfield>
  </datafield>
  <datafield ind1=" " ind2=" " tag="880">
    <subfield code="6">260-04/(3/r</subfield>
    <subfield code="a">[دمشق،</subfield>
    <subfield code="b">مطبعة جامعة دمشق،</subfield>
    <subfield code="c">1382/1962]</subfield>
  </datafield>
  <datafield ind1=" " ind2=" " tag="902">
    <subfield code="a">mh</subfield>
    <subfield code="b">r</subfield>
    <subfield code="6">a</subfield>
    <subfield code="7">m</subfield>
    <subfield code="d">v</subfield>
    <subfield code="f">0</subfield>
    <subfield code="e">20120625</subfield>
  </datafield>
  <datafield ind1="0" ind2=" " tag="852">
    <subfield code="0">6971532</subfield>
    <subfield code="b">nec</subfield>
    <subfield code="h">HQ1366.5</subfield>
    <subfield code="i">S52 1962</subfield>
  </datafield>
  <datafield ind1=" " ind2=" " tag="959">
    <subfield code="a">2000-06-13 00:00:00 -0400</subfield>
  </datafield>
</record>
